@book{script,
    author    = "Aloys Krieg",
    title     = "Elementare Zahlentheorie",
    year      = "2017",
    publisher = "Lehrstuhl A f√ºr Mathematik",
}
@book{zahlentheorie,
  title={Einf{\"u}hrung in die Zahlentheorie und Algebra},
  author={Wolfart, J{\"u}rgen},
  volume={2},
  year={1996},
  publisher={Springer}
 }