@incollection{ebeling2013lattices,
  title={Lattices and codes},
  author={Ebeling, Wolfgang},
  booktitle={Lattices and Codes},
  pages={53--66},
  year={2013},
  publisher={Springer}
}	
@book{roman1992coding,
  title={Coding and information theory},
  author={Roman, Steven},
  volume={134},
  year={1992},
  publisher={Springer Science \& Business Media}
}
@book{macwilliams1977theory,
  title={The theory of error-correcting codes},
  author={MacWilliams, Florence Jessie and Sloane, Neil James Alexander},
  volume={16},
  year={1977},
  publisher={Elsevier}
}