@book{alonProbMe,
author = {Alon, Noga and Spencer, Joel H.},
title = {The Probabilistic Method},
year = {2016},
isbn = {1119061954},
publisher = {Wiley Publishing},
edition = {4th},
}

@article{DBLP_LatticePoint:journals/combinatorica/AlonD95,
  author    = {Noga Alon and
               Moshe Dubiner},
  title     = {A Lattice Point Problem and Additive Number Theory},
  journal   = {Comb.},
  volume    = {15},
  number    = {3},
  pages     = {301--309},
  year      = {1995}
}